Automatically generated by Mendeley Desktop 1.17.11
Any changes to this file will be lost if it is regenerated by Mendeley.

BibTeX export options can be customized via Options -> BibTeX in Mendeley Desktop

@book{Kreith,
author = {Kreith, Frank Raj M Manglik},
isbn = {978-0-495-66770-4},
title = {{Principles of HEAT TRANSFER}},
year = {2011}
}
@book{Cengel2011,
author = {{\c{C}}engel, YUNUS A. and Ghajar, Afshin J.},
booktitle = {McGraw-Hil Education},
isbn = {9780073398181},
title = {{Heat and Mass Transfer}},
year = {2011}
}
@book{Incropera2007,
author = {Incropera, Frank P and DeWitt, David P and Bergman, Theodore L and Lavine, Adrienne S},
title = {{Fundamentals of Heat and Mass Transfer}},
edition={6th},
year = {2007}
}
@book{Trefethen,
author = {Trefethen, Lloyd N.},
edition = {first edit},
editor = {Mathematics, Society for Industrial and Applied},
title = {{Numerical Linear Algebra}},
year = {1997}
}
